%% This BibTeX bibliography file was created using BibDesk.
%% http://bibdesk.sourceforge.net/


%% Created for Jim Mainprice at 2012-12-02 14:09:37 +0100 


%% Saved with string encoding Unicode (UTF-8) 



@inproceedings{Shah:11,
	Author = {Shah, J. and Wiken, J. and Williams, B. and Breazeal, C.},
	Booktitle = {Proceedings of the 6th international conference on Human-robot interaction},
	Date-Added = {2012-12-02 13:09:30 +0000},
	Date-Modified = {2012-12-02 13:09:30 +0000},
	Keywords = {HRI},
	Organization = {ACM},
	Pages = {29--36},
	Title = {Improved human-robot team performance using chaski, a human-inspired plan execution system},
	Year = {2011},
	Bdsk-File-1 = {YnBsaXN0MDDUAQIDBAUIJidUJHRvcFgkb2JqZWN0c1gkdmVyc2lvblkkYXJjaGl2ZXLRBgdUcm9vdIABqAkKFRYXGyIjVSRudWxs0wsMDQ4RFFpOUy5vYmplY3RzV05TLmtleXNWJGNsYXNzog8QgASABqISE4ACgAOAB1lhbGlhc0RhdGFccmVsYXRpdmVQYXRo0hgNGRpXTlMuZGF0YU8RAcgAAAAAAcgAAgAAB1N5c3RlbWUAAAAAAAAAAAAAAAAAAAAAAAAAAMuajhdIKwAAABQRzAttaXQtcDI5LnBkZgAAAAAAAAAAAAAAAAAAAAAAAAAAAAAAAAAAAAAAAAAAAAAAAAAAAAAAAAAAAAAAAAAAAAAAFBHsyo1ROQAAAAAAAAAAAAIABAAACSAAAAAAAAAAAAAAAAAAAAAYSHVtYW4gUm9ib3QgSW50ZXJhY3Rpb25zABAACAAAy5px9wAAABEACAAAyo01GQAAAAEAFAAUEcwAFBFjABQRVgATouIAEnUiAAIAVVN5c3RlbWU6VXNlcnM6AGptYWlucHJpOgBEcm9wYm94OgBCaWJsaW9ncmFwaHk6AEh1bWFuIFJvYm90IEludGVyYWN0aW9uczoAbWl0LXAyOS5wZGYAAA4AGAALAG0AaQB0AC0AcAAyADkALgBwAGQAZgAPABAABwBTAHkAcwB0AGUAbQBlABIASFVzZXJzL2ptYWlucHJpL0Ryb3Bib3gvQmlibGlvZ3JhcGh5L0h1bWFuIFJvYm90IEludGVyYWN0aW9ucy9taXQtcDI5LnBkZgATAAEvAAAVAAIAD///AACABdIcHR4fWCRjbGFzc2VzWiRjbGFzc25hbWWjHyAhXU5TTXV0YWJsZURhdGFWTlNEYXRhWE5TT2JqZWN0XxA/Li4vLi4vRHJvcGJveC9CaWJsaW9ncmFwaHkvSHVtYW4gUm9ib3QgSW50ZXJhY3Rpb25zL21pdC1wMjkucGRm0hwdJCWiJSFcTlNEaWN0aW9uYXJ5EgABhqBfEA9OU0tleWVkQXJjaGl2ZXIACAARABYAHwAoADIANQA6ADwARQBLAFIAXQBlAGwAbwBxAHMAdgB4AHoAfACGAJMAmACgAmwCbgJzAnwChwKLApkCoAKpAusC8ALzAwADBQAAAAAAAAIBAAAAAAAAACgAAAAAAAAAAAAAAAAAAAMX}}

@conference{Mainprice:11,
	Author = {Mainprice, J. and Sisbot, E.A. and Jaillet, L. and Cort{\'e}s, J and Sim{\'e}on, T. and Alami, R.},
	Booktitle = {IEEE Int. Conf. Robot. And Autom.},
	Date-Added = {2012-12-02 13:09:21 +0000},
	Date-Modified = {2012-12-02 13:09:21 +0000},
	Keywords = {Human-aware motion planning},
	Title = {{Planning Human-aware motions using a sampling-based costmap planner}},
	Year = {2011}}

@inproceedings{Mainprice:12,
	Author = {Mainprice, J. and Gharbi, M. and Sim{\'e}on, T. and Alami, R.},
	Booktitle = {ROMAN},
	Date-Added = {2012-12-02 13:08:23 +0000},
	Date-Modified = {2012-12-02 13:08:57 +0000},
	Title = {Sharing effort in planning human-robot handover tasks},
	Year = {2012}}
